@article{HLKX202511017,
author = {  李小峰 and     覃福钿 and 杜晓辉},
title = {基于SpringBoot的智能家居系统设计与实现},
journal = {科学技术创新},
number = {11},
pages = {66-69},
year = {2025},
issn = {2096-4390},
}    
